% 1 Jinpeng Huai, Qin Li, Chunming Hu. CIVIC: A Hypervisor based Virtual Computing Environment. IEEE Computer Society, 2007.
@inproceedings{huai2007civic,
  title={Civic: a hypervisor based virtual computing environment},
  author={Huai, Jinpeng and Li, Qin and Hu, Chunming},
  booktitle={High Performance Computing and Communications: Third International Conference, HPCC 2007, Houston, USA, September 26-28, 2007. Proceedings 3},
  pages={809--820},
  year={2007},
  organization={Springer}
}

% 2 J. Daniels. Server virtualization architecture and implementation. Crossroads, vol. 16, no. 1, 2009.
@article{daniels2009server,
  title={Server virtualization architecture and implementation},
  author={Daniels, Jeff},
  journal={XRDS: Crossroads, The ACM Magazine for Students},
  volume={16},
  number={1},
  pages={8--12},
  year={2009},
  publisher={ACM New York, NY, USA}
}

% 3 KVM project homepage, http://www.linux-kvm.org/page/Main_Page, Retrieved: September 16, 2015 
@online{KVM,
    title        = {KVM project homepage},
    url          = {http://www.linux-kvm.org/page/Main_Page},
    urldate      = {25.05.2023}
}

% 4 qemu project Homepage, http://wiki.qemu.org/Main\_Page, Retrieved: September 16, 2015 
@online{qemu,
    title        = {qemu project Homepage},
    url          = {http://wiki.qemu.org/Main_Page},
    urldate      = {25.05.2023}
}

% 5 https://www.proxmox.com/en/proxmox-ve
@online{proxmox,
    title        = {Proxmox},
    url          = {https://www.proxmox.com/en/proxmox-ve},
    urldate      = {25.05.2023}
}

% 6 Microsoft TechNet Hyper-V overview, https://technet.microsoft.com/en-us/library/ hh831531.aspx, Retrieved: September 16, 2015 
@online{Hyper-V,
    title        = {Microsoft TechNet Hyper-V overview},
    url          = {https://technet.microsoft.com/en-us/library/hh831531.aspx},
    urldate      = {25.05.2023}
}

% 7 VMware Homepage, http://www.vmware.com/, Retrieved: September 16, 2015
@online{VMware,
    title        = {VMware Homepage},
    url          = {http://www.vmware.com/},
    urldate      = {25.05.2023}
}

% 8 VirtualBox project homepage, https://www.virtualbox.org/, Retrieved: September 16, 2015
@online{VirtualBox,
    title        = {VirtualBox project homepage},
    url          = {https://www.virtualbox.org/},
    urldate      = {25.05.2023}
}

% 9 S. R. Alapati. Modern Linux Administration. How to Become a Cutting-Edge Linux Administrator. O'Reilly Media, October, 2016.
@article{alapati2016modern,
  title={Modern Linux Administration. How to Become a Cutting-Edge Linux Administrator},
  author={Alapati, Sam R and Stratton, Matt},
  journal={O'Reilly Media},
  pages={500},
  year={2016}
}

% 10 M. Xavier, M. Neves, F. Rossi, T. Ferreto, T. Lange, C. De Rose. Performance evaluation of container-based virtualization for high performance computing environments. In Parallel, Distributed and Network-Based Processing (PDP), 2013 21st Euromicro International Conference on, Febuary, 2013.
@inproceedings{xavier2013performance,
  title={Performance evaluation of container-based virtualization for high performance computing environments},
  author={Xavier, Miguel G and Neves, Marcelo V and Rossi, Fabio D and Ferreto, Tiago C and Lange, Timoteo and De Rose, Cesar AF},
  booktitle={2013 21st Euromicro International Conference on Parallel, Distributed, and Network-Based Processing},
  pages={233--240},
  year={2013},
  organization={IEEE}
}

% 11 https://docs.nextcloud.com/server/22/admin\_manual/installation/example\_ubuntu.html
@online{nextcloud,
    title        = {Nextcloud. Example installation on Ubuntu 20.04 LTS},
    url          = {https://docs.nextcloud.com/server/22/admin_manual/installation/example_ubuntu.html},
    urldate      = {25.05.2023}
}

% 12 https://kubernetes.io/ru/
@online{Kubernetes,
    title        = {Kubernetes Homepage},
    url          = {https://kubernetes.io/ru/},
    urldate      = {25.05.2023}
}

% 13 https://www.digitalocean.com/community/tutorials/an-introduction-to-kubernetes
@online{WhatisKubernetes,
    title        = {What is Kubernetes},
    url          = {https://www.digitalocean.com/community/tutorials/an-introduction-to-kubernetes},
    urldate      = {25.05.2023}
}
